<?xml version="1.0" encoding="UTF-8"?>
<collection xmlns:xsi="http://www.w3.org/2001/XMLSchema-instance" xsi:schemaLocation="http://www.loc.gov/MARC21/slim http://www.loc.gov/standards/marcxml/schema/MARC21slim.xsd" xmlns="http://www.loc.gov/MARC21/slim">
<record>
  <leader>00964cam a2200265   4500</leader>
  <controlfield tag="001">1143064</controlfield>
  <controlfield tag="003">NNC</controlfield>
  <controlfield tag="005">20160714144859.0</controlfield>
  <controlfield tag="008">811216s1966    iq       b    000 0 arar </controlfield>
  <datafield tag="010" ind1=" " ind2=" ">
    <subfield code="a">ne 67002009 </subfield>
  </datafield>
  <datafield tag="035" ind1=" " ind2=" ">
    <subfield code="a">(OCoLC)ocm08001295</subfield>
  </datafield>
  <datafield tag="035" ind1=" " ind2=" ">
    <subfield code="9">AGJ8928CU</subfield>
  </datafield>
  <datafield tag="035" ind1=" " ind2=" ">
    <subfield code="a">(NNC)1143064</subfield>
  </datafield>
  <datafield tag="040" ind1=" " ind2=" ">
    <subfield code="a">DLC</subfield>
    <subfield code="c">TKN</subfield>
    <subfield code="d">TKN</subfield>
    <subfield code="d">m/c</subfield>
    <subfield code="d">OCL</subfield>
    <subfield code="d">ZCU</subfield>
  </datafield>
  <datafield tag="050" ind1="0" ind2=" ">
    <subfield code="a">BX385.A1</subfield>
    <subfield code="b">S5 1966</subfield>
  </datafield>
  <datafield tag="100" ind1="1" ind2=" ">
    <subfield code="a">Shābushtī, ʻAlī ibn Muḥammad,</subfield>
    <subfield code="d">-998.</subfield>
  </datafield>
  <datafield tag="245" ind1="1" ind2="3">
    <subfield code="a">al-Diyārāt,</subfield>
    <subfield code="c">li-Abī al-Ḥasan ʻAlī ibn Muḥammad al-maʻrūf bi-al-Shābushtī. taḥqīq Kurkīs ʻAwwād.</subfield>
  </datafield>
  <datafield tag="250" ind1=" " ind2=" ">
    <subfield code="a">al-ṭabʻah 2.</subfield>
  </datafield>
  <datafield tag="260" ind1=" " ind2=" ">
    <subfield code="a">Baghdād,</subfield>
    <subfield code="b">Maktabat al-Muthanná,</subfield>
    <subfield code="c">1966.</subfield>
  </datafield>
  <datafield tag="300" ind1=" " ind2=" ">
    <subfield code="a">55, 520 p.</subfield>
    <subfield code="c">26 cm.</subfield>
  </datafield>
  <datafield tag="500" ind1=" " ind2=" ">
    <subfield code="a">Cover title: Kitāb al-diyarat; or The book of monasteries, by Abī al-Hasan ʻAlī ibn Muhammad al-Shabushtī.</subfield>
  </datafield>
  <datafield tag="504" ind1=" " ind2=" ">
    <subfield code="a">Bibliography: p. 486-487.</subfield>
  </datafield>
  <datafield tag="650" ind1=" " ind2="0">
    <subfield code="a">Monasteries</subfield>
    <subfield code="z">Middle East.</subfield>
  </datafield>
  <datafield tag="700" ind1="1" ind2=" ">
    <subfield code="a">ʻAwwād, Kūrkīs,</subfield>
    <subfield code="e">editor.</subfield>
  </datafield>
  <datafield tag="955" ind1=" " ind2=" ">
    <subfield code="b">CU60575832</subfield>
    <subfield code="d">off,glx</subfield>
    <subfield code="e">BX385.A1 S5 1966</subfield>
  </datafield>
</record>
</collection>